<?xml version="1.0" encoding="UTF-8"?>
<record xmlns="http://www.loc.gov/MARC21/slim" xmlns:xsi="http://www.w3.org/2001/XMLSchema-instance" xsi:schemaLocation="http://www.loc.gov/MARC21/slim http://www.loc.gov/standards/marcxml/schema/MARC21slim.xsd">
<leader>00000cam a22      i 4500</leader>
<controlfield tag="001">001912858</controlfield>
<controlfield tag="003">NNU</controlfield>
<controlfield tag="005">20150709175211.0</controlfield>
<controlfield tag="008">880401s1955    sy       b    000 0 arard</controlfield>
<datafield tag="035" ind1=" " ind2=" ">
<subfield code="a">(OCoLC)17723549</subfield>
</datafield>
<datafield tag="040" ind1=" " ind2=" ">
<subfield code="a">WAU</subfield>
<subfield code="b">eng</subfield>
<subfield code="c">WAU</subfield>
<subfield code="d">OCLCQ</subfield>
<subfield code="d">CUY</subfield>
<subfield code="d">OCLCQ</subfield>
<subfield code="d">OCLCF</subfield>
<subfield code="d">OCLCQ</subfield>
<subfield code="d">OCLCO</subfield>
<subfield code="d">NNU</subfield>
</datafield>
<datafield tag="050" ind1=" " ind2="4">
<subfield code="a">PJ7803.M835</subfield>
<subfield code="b">R5 1955</subfield>
</datafield>
<datafield tag="100" ind1="1" ind2=" ">
<subfield code="6">880-01</subfield>
<subfield code="a">Ṣūrī, Muḥammad ʻAlī.</subfield>
</datafield>
<datafield tag="240" ind1="1" ind2="0">
<subfield code="6">880-02</subfield>
<subfield code="a">Qaṣīdah al-Ṣūrīyah</subfield>
</datafield>
<datafield tag="245" ind1="1" ind2="0">
<subfield code="6">880-03</subfield>
<subfield code="a">Risālah Ismāʻīlīyah wāḥidah :</subfield>
<subfield code="b">al-Qaṣīdah al-Ṣūrīyah /</subfield>
<subfield code="c">taʼlīf Muḥammad ibn ʻAlī ibn Ḥasan al-Ṣūrī. Taḥqīq wa-taqdīm ʻĀrif Tāmir.</subfield>
</datafield>
<datafield tag="246" ind1="3" ind2=" ">
<subfield code="a">La qaṣīda ṣūrīya</subfield>
</datafield>
<datafield tag="260" ind1=" " ind2=" ">
<subfield code="6">880-04</subfield>
<subfield code="a">Dimashq :</subfield>
<subfield code="b">al-Maʻhad al-Faransī bi-Dimashq lil-Dirāsāt al-ʻArabīyah,</subfield>
<subfield code="c">1955.</subfield>
</datafield>
<datafield tag="300" ind1=" " ind2=" ">
<subfield code="a">74 pages ;</subfield>
<subfield code="c">25 cm</subfield>
</datafield>
<datafield tag="336" ind1=" " ind2=" ">
<subfield code="a">text</subfield>
<subfield code="b">txt</subfield>
<subfield code="2">rdacontent</subfield>
</datafield>
<datafield tag="337" ind1=" " ind2=" ">
<subfield code="a">unmediated</subfield>
<subfield code="b">n</subfield>
<subfield code="2">rdamedia</subfield>
</datafield>
<datafield tag="338" ind1=" " ind2=" ">
<subfield code="a">volume</subfield>
<subfield code="b">nc</subfield>
<subfield code="2">rdacarrier</subfield>
</datafield>
<datafield tag="500" ind1=" " ind2=" ">
<subfield code="a">Added cover title: La qaṣīda ṣūriya de Muḥammad b. ʻAlī b. Ḥassan aṣ-Ṣūrī.</subfield>
</datafield>
<datafield tag="504" ind1=" " ind2=" ">
<subfield code="a">Includes bibliographical references.</subfield>
</datafield>
<datafield tag="650" ind1=" " ind2="0">
<subfield code="a">Ismailites.</subfield>
</datafield>
<datafield tag="650" ind1=" " ind2="7">
<subfield code="a">Ismailites.</subfield>
<subfield code="2">fast</subfield>
<subfield code="0">(OCoLC)fst00980134</subfield>
</datafield>
<datafield tag="700" ind1="1" ind2=" ">
<subfield code="a">Tāmir, ʻĀrif</subfield>
<subfield code="6">880-05</subfield>
</datafield>
<datafield tag="776" ind1="0" ind2="8">
<subfield code="i">Online version:</subfield>
<subfield code="a">Ṣūrī, Muḥammad ʻAlī.</subfield>
<subfield code="t">Risālah Ismāʻīlīyah wāḥidah.</subfield>
<subfield code="d">Dimashq : al-Maʻhad al-Faransī bi-Dimashq lil-Dirāsāt al-ʻArabīyah, 1955</subfield>
<subfield code="w">(OCoLC)881912827</subfield>
</datafield>
<datafield tag="880" ind1="1" ind2=" ">
<subfield code="6">100-01/</subfield>
<subfield code="a">صوري، محمد علي.</subfield>
</datafield>
<datafield tag="880" ind1="1" ind2="0">
<subfield code="6">240-02/</subfield>
<subfield code="a">قصيدة الصورية</subfield>
</datafield>
<datafield tag="880" ind1="1" ind2="0">
<subfield code="6">245-03/</subfield>
<subfield code="a">رسالة إسماعيلية واحدة :</subfield>
<subfield code="b">القصيدة الصورية /</subfield>
<subfield code="c">تأليف علي بن حسن الصوري ؛ تحقيق وتقديم عارف تامر.</subfield>
</datafield>
<datafield tag="880" ind1=" " ind2=" ">
<subfield code="6">260-04/</subfield>
<subfield code="a">دمشق :</subfield>
<subfield code="b">المعهد الفرنسي بدمشق للدراسات العربية،</subfield>
<subfield code="c">1955.</subfield>
</datafield>
<datafield tag="880" ind1="1" ind2=" ">
<subfield code="6">700-05/</subfield>
<subfield code="a">تامر، عارف.</subfield>
</datafield>
<datafield tag="OWN" ind1=" " ind2=" ">
<subfield code="a">GENERAL</subfield>
</datafield>
<datafield tag="AVA" ind1=" " ind2=" ">
<subfield code="a">NYU50</subfield>
<subfield code="b">BOBST</subfield>
<subfield code="c">Main Collection</subfield>
<subfield code="d">BP195.I8 S9 1955</subfield>
<subfield code="e">unavailable</subfield>
<subfield code="t">Unavailable</subfield>
<subfield code="f">1</subfield>
<subfield code="g">1</subfield>
<subfield code="h">N</subfield>
<subfield code="i">0</subfield>
<subfield code="j">MAIN</subfield>
<subfield code="k">0</subfield>
</datafield>
</record>
